@book{mathshistory,
  author = {John Stillwell},
  title = {Mathematics and its History},
  year = {2020},
  publisher = {Springer},
  isbn = {978-3-030-55193-3},
  url = {https://www.springer.com/gp/book/9781441960528},
}

@article{selimi2019catalan,
  title={Catalan Numbers and Applications - Vision Journal},
  author={Selimi, Aybeyan and Saračević, Muzafer},
  journal={Vision Journal},
  month={Mar.},
  year={2019},
  url={http://visionjournal.edu.mk/wp-content/uploads/2019/08/aybeyan-pdf.pdf}
}

@online{oconnor1998euler,
  author = {O'Connor, J J and Robertson, E F},
  title = {Leonhard Euler - Biography},
  year = {1998},
  month = {Sept.},
  url = {http://mathshistory.st-andrews.ac.uk/Biographies/Euler/},
  organization = {Maths History}
}

@online{oconnor2004segner,
  author = {O'Connor, J J and Robertson, E F},
  title = {Johann Segner - Biography},
  year = {2004},
  month = {Mar.},
  url = {http://mathshistory.st-andrews.ac.uk/Biographies/Segner/},
  organization = {Maths History}
}

@online{oconnor2012catalan,
  author = {O'Connor, J J and Robertson, E F},
  title = {Eugène Catalan - Biography},
  year = {2012},
  month = {Sept.},
  url = {http://mathshistory.st-andrews.ac.uk/Biographies/Catalan/},
  organization = {Maths History}
}


@online{dickau-catalan,
  author = {Dickau, Robert M and Strick, Heinz Klaus},
  title = {Catalan Numbers},
  howpublished = {Maths History},
  url = {http://mathshistory.st-andrews.ac.uk/Extras/Catalan/},
  urldate = {2024-04-30}
}
