@misc{curry-biography,
  howpublished = {\url{https://mathshistory.st-andrews.ac.uk/Biographies/Curry/}},
  title        = {Biography of Haskell Curry}
}

 @misc{enwiki:1192145129,
  author = {{Wikipedia contributors}},
  title  = {Haskell Curry --- {Wikipedia}{,} The Free Encyclopedia},
  year   = {2023},
  url    = {https://en.wikipedia.org/w/index.php?title=Haskell_Curry&oldid=1192145129},
  note   = {[Online; accessed 19-February-2024]}
}